<record><leader>00000cas a2200000 a 4500</leader><controlfield tag="001">10891706</controlfield><controlfield tag="008">840627d18401867nhuwr ne      0    0eng c</controlfield><datafield ind1=" " ind2=" " tag="010"><subfield code="a">sn 84023471 </subfield></datafield><datafield ind1=" " ind2=" " tag="040"><subfield code="a">AQM</subfield><subfield code="b">eng</subfield><subfield code="c">AQM</subfield><subfield code="d">NPX</subfield><subfield code="d">DLC</subfield><subfield code="d">NPU</subfield><subfield code="d">NPA</subfield><subfield code="d">NVH</subfield><subfield code="d">NVF</subfield><subfield code="d">CNK</subfield><subfield code="d">NVF</subfield><subfield code="d">OCL</subfield><subfield code="d">OCLCQ</subfield><subfield code="d">OCLCF</subfield><subfield code="d">OCLCO</subfield></datafield><datafield ind1="1" ind2=" " tag="029"><subfield code="a">AU@</subfield><subfield code="b">000003750962</subfield></datafield><datafield ind1=" " ind2=" " tag="042"><subfield code="a">pcc</subfield></datafield><datafield ind1=" " ind2=" " tag="043"><subfield code="a">n-us-nh</subfield></datafield><datafield ind1="0" ind2="0" tag="050"><subfield code="a">Newspaper 8731</subfield></datafield><datafield ind1="0" ind2="0" tag="245"><subfield code="a">Exeter news-letter and Rockingham advertiser.</subfield></datafield><datafield ind1=" " ind2=" " tag="260"><subfield code="a">Exeter, N.H. :</subfield><subfield code="b">John C. Gerrish</subfield></datafield><datafield ind1=" " ind2=" " tag="300"><subfield code="a">v.</subfield></datafield><datafield ind1=" " ind2=" " tag="310"><subfield code="a">Weekly</subfield></datafield><datafield ind1="0" ind2=" " tag="362"><subfield code="a">Vol. 10, no. 1 (Apr. 28, 1840)-v. 36, no. 43 (Jan. 7, 1867).</subfield></datafield><datafield ind1=" " ind2=" " tag="500"><subfield code="a">"Devoted to morality, agriculture, mechanic arts, literature and foreign and domestic news."</subfield></datafield><datafield ind1=" " ind2="0" tag="651"><subfield code="a">Rockingham County (N.H.)</subfield><subfield code="v">Newspapers.</subfield></datafield><datafield ind1=" " ind2="0" tag="651"><subfield code="a">Exeter (N.H.)</subfield><subfield code="v">Newspapers.</subfield></datafield><datafield ind1=" " ind2="7" tag="655"><subfield code="a">Newspapers.</subfield><subfield code="2">fast</subfield><subfield code="0">(OCoLC)fst01423814</subfield></datafield><datafield ind1=" " ind2="7" tag="651"><subfield code="a">New Hampshire</subfield><subfield code="z">Exeter.</subfield><subfield code="2">fast</subfield><subfield code="0">(OCoLC)fst01204490</subfield></datafield><datafield ind1=" " ind2="7" tag="651"><subfield code="a">New Hampshire</subfield><subfield code="z">Rockingham County.</subfield><subfield code="2">fast</subfield><subfield code="0">(OCoLC)fst01211980</subfield></datafield><datafield ind1=" " ind2=" " tag="752"><subfield code="a">United States</subfield><subfield code="b">New Hampshire</subfield><subfield code="c">Rockingham</subfield><subfield code="d">Exeter.</subfield></datafield><datafield ind1="0" ind2="0" tag="780"><subfield code="t">Exeter news-letter and Rockingham County advertiser</subfield><subfield code="w">(DLC)sn 84023470</subfield></datafield><datafield ind1="0" ind2="0" tag="785"><subfield code="t">Exeter news-letter (Exeter, N.H. : 1867)</subfield><subfield code="w">(DLC)sn 84023472</subfield></datafield></record>